<?xml version="1.0" encoding="UTF-8"?>
<?xml-stylesheet type="text/xsl" href="http://invenio.nusl.cz/css/oai2.xsl.v1.0" ?>
<OAI-PMH xmlns="http://www.openarchives.org/OAI/2.0/" xmlns:xsi="http://www.w3.org/2001/XMLSchema-instance" xsi:schemaLocation="http://www.openarchives.org/OAI/2.0/ http://www.openarchives.org/OAI/2.0/OAI-PMH.xsd">
<responseDate>2019-06-22T14:54:21Z</responseDate><request verb="GetRecord" metadataPrefix="marcxml" identifier="oai:invenio.nusl.cz:396368">http://invenio.nusl.cz/oai2d</request><GetRecord>
<record><header><identifier>oai:invenio.nusl.cz:396368</identifier><datestamp>2019-06-19T10:37:52Z</datestamp><setSpec>openaire</setSpec><setSpec>global</setSpec><setSpec>DRIVER</setSpec><setSpec>base</setSpec></header><metadata><marc:record xmlns:marc="http://www.loc.gov/MARC21/slim" xmlns:xsi="http://www.w3.org/2001/XMLSchema-instance" xsi:schemaLocation="http://www.loc.gov/MARC21/slim http://www.loc.gov/standards/marcxml/schema/MARC21slim.xsd" type="Bibliographic">
     <marc:leader>00000coc  2200000uu 4500</marc:leader>
  <marc:controlfield tag="001">396368</marc:controlfield>
  <marc:controlfield tag="005">20190620102357.0</marc:controlfield>
  <marc:controlfield tag="008">190619n||||||||xx#||||#|||z|#||||||cze||</marc:controlfield>
  <marc:datafield tag="020" ind1=" " ind2=" ">
    <marc:subfield code="a">978-80-86973-58-6</marc:subfield>
  </marc:datafield>
  <marc:datafield tag="041" ind1="0" ind2="7">
    <marc:subfield code="a">cze</marc:subfield>
    <marc:subfield code="b">ita</marc:subfield>
  </marc:datafield>
  <marc:datafield tag="046" ind1=" " ind2=" ">
    <marc:subfield code="k">2014</marc:subfield>
  </marc:datafield>
  <marc:datafield tag="245" ind1="0" ind2="0">
    <marc:subfield code="a">Základy aplikované ergonomie</marc:subfield>
  </marc:datafield>
  <marc:datafield tag="260" ind1=" " ind2=" ">
    <marc:subfield code="b">Výzkumný ústav bezpečnosti práce</marc:subfield>
  </marc:datafield>
  <marc:datafield tag="340" ind1=" " ind2=" ">
    <marc:subfield code="a">text/pdf</marc:subfield>
  </marc:datafield>
  <marc:datafield tag="500" ind1=" " ind2=" ">
    <marc:subfield code="a">MAREK, Jakub a SKŘEHOT, Petr. Základy aplikované ergonomie. Vyd. 1. Praha: VÚBP, 2009. 118 s. Bezpečný podnik. ISBN 978-80-86973-58-6.</marc:subfield>
  </marc:datafield>
  <marc:datafield tag="506" ind1=" " ind2=" ">
    <marc:subfield code="a">Public</marc:subfield>
  </marc:datafield>
  <marc:datafield tag="520" ind1=" " ind2=" ">
    <marc:subfield code="a">Tato publikace, která je určena pracovníkům pověřených k plnění úkolů v oblasti prevence rizik, shrnuje nejnovější poznatky z oblasti ergonomie pracovního místa získané jak výzkumem v této oblasti, tak i převzetím řady zkušeností ze zahraničí. Práce srozumitelným způsobem rozebírá jednotlivé prvky pracovního systému, hodnotí je, uvádí do kontextu s požadavky současných právních předpisů a předkládá praktická doporučení pro zlepšení nedostatků často se objevujících na našich pracovištích. Účelem této publikace je tedy umožnit zavádění ergonomických zásad týkajících se pracovního místa do praxe, upozornit na jeho podstatné prvky, jako jsou například pracovní stůl, sedadlo či pomůcky, a z hlediska pracovního prostředí blíže upozornit na faktory, které zásadním způsobem ovlivňují pracovní podmínky (např. mikroklimatické podmínky, osvětlení, ale i psychická zátěž a další).</marc:subfield>
    <marc:subfield code="9">cze</marc:subfield>
  </marc:datafield>
  <marc:datafield tag="540" ind1=" " ind2=" ">
    <marc:subfield code="a">Dílo je chráněno podle autorského zákona č. 121/2000 Sb.</marc:subfield>
    <marc:subfield code="9">cze</marc:subfield>
  </marc:datafield>
  <marc:datafield tag="540" ind1=" " ind2=" ">
    <marc:subfield code="a">This work is protected under the Copyright Act No. 121/2000 Coll.</marc:subfield>
    <marc:subfield code="9">eng</marc:subfield>
  </marc:datafield>
  <marc:datafield tag="653" ind1=" " ind2=" ">
    <marc:subfield code="a">ergonomie</marc:subfield>
  </marc:datafield>
  <marc:datafield tag="653" ind1=" " ind2=" ">
    <marc:subfield code="a">hygiena práce</marc:subfield>
  </marc:datafield>
  <marc:datafield tag="653" ind1=" " ind2=" ">
    <marc:subfield code="a">pracovní prostředí</marc:subfield>
  </marc:datafield>
  <marc:datafield tag="653" ind1="0" ind2=" ">
    <marc:subfield code="a">ergonomics</marc:subfield>
  </marc:datafield>
  <marc:datafield tag="653" ind1="0" ind2=" ">
    <marc:subfield code="a">work hygiene</marc:subfield>
  </marc:datafield>
  <marc:datafield tag="653" ind1="0" ind2=" ">
    <marc:subfield code="a">workplace</marc:subfield>
  </marc:datafield>
  <marc:datafield tag="720" ind1=" " ind2=" ">
    <marc:subfield code="a">Marek, Jakub</marc:subfield>
  </marc:datafield>
  <marc:datafield tag="720" ind1=" " ind2=" ">
    <marc:subfield code="a">Skřehot, Petr</marc:subfield>
  </marc:datafield>
    <marc:datafield tag="856" ind1="4" ind2="0">
    <marc:subfield code="z">PID NUŠL</marc:subfield>
    <marc:subfield code="u">http://www.nusl.cz/ntk/nusl-396368</marc:subfield>
  </marc:datafield>
  <marc:datafield tag="856" ind1="4" ind2="2">
    <marc:subfield code="z">Elektronické umístění souboru</marc:subfield>
    <marc:subfield code="u">http://www.vubp.cz/images/soubory/produkty/publikace-ke-stazeni/zaklady-aplikovane-ergonomie.pdf</marc:subfield>
  </marc:datafield>
  <marc:datafield tag="856" ind1="4" ind2=" ">
    <marc:subfield code="z">Plný text</marc:subfield>
    <marc:subfield code="u">http://invenio.nusl.cz/record/396368/files/nusl-396368_1.pdf</marc:subfield>
  </marc:datafield>
  <marc:datafield tag="909" ind1="C" ind2="O">
    <marc:subfield code="o">oai:invenio.nusl.cz:396368</marc:subfield>
    <marc:subfield code="p">openaire</marc:subfield>
    <marc:subfield code="p">global</marc:subfield>
    <marc:subfield code="p">DRIVER</marc:subfield>
    <marc:subfield code="p">base</marc:subfield>
  </marc:datafield>
  <marc:datafield tag="980" ind1=" " ind2=" ">
    <marc:subfield code="a">monografie</marc:subfield>
  </marc:datafield>
  <marc:datafield tag="998" ind1=" " ind2=" ">
    <marc:subfield code="a">vyzkumny_ustav_bezpecnosti_prace</marc:subfield>
  </marc:datafield>
  <marc:datafield tag="999" ind1="C" ind2="1">
    <marc:subfield code="a">MPS0002595001</marc:subfield>
  </marc:datafield>
</marc:record>
</metadata></record></GetRecord>
</OAI-PMH>
